@INPROCEEDINGS{Craveiro:AICCSA09,
  AUTHOR =	 {Fulano and Cicrano and Beltrano},
  TITLE =	 {A Paper On Something},
  BOOKTITLE =	 {The 7th Conference on Things and Stuff (CTS 2009) },
  year =	 {2009},
  note = 	 {Accepted for publication},
  month =	 may,
  ADDRESS =	 {Lisbon, Portugal}
}
