@inproceedings{levin2012,
Title = {Logically Centralized? State Distribution Tradeoffs in Software Defined Networks},
Author = {Levin, Dan and Wundsam, Andreas and Heller, Brandon and Handigol, Nikhil and Feldmann, Anja},
Booktitle = {HotSDN '12},
Year = {2012},
}

@inproceedings{feamster2004,
  author =       "Nick Feamster and Hari Balakrishnan and Jennifer Rexford and Aman Shaikh and Kobus van der Merwe",
  title =        "{The Case for Separating Routing from Routers}",
  booktitle =    {ACM SIGCOMM Workshop FDNA},
  year =         {2004},
}

@inproceedings{reitblatt2012abstractions,
  title={Abstractions for network update},
  author={Reitblatt, Mark and Foster, Nate and Rexford, Jennifer and Schlesinger, Cole and Walker, David},
  booktitle={ACM SIGCOMM},
  year={2012},
}

@inproceedings{Casado:2007kb,
author = {Casado, Martin and Freedman, Michael J and Pettit, Justin and Luo, Jianying and McKeown, Nick and Shenker, Scott},
title = {{Ethane: Taking Control of the Enterprise}},
booktitle = {SIGCOMM '07: Proceedings of the 2007 conference on Applications, technologies, architectures, and protocols for computer communications},
year = {2007},
publisher = { ACM  Request Permissions},
}

@inproceedings{koponen2010,
author = {Koponen, Teemu and Casado, Martin and Gude, Natasha and Stribling, Jeremy and Poutievski, Leon and Zhu, Min and Ramanathan, Rajiv and Iwata, Yuichiro and Inoue, Hiroaki and Hama, Takayuki and Shenker, Scott},
title = {Onix: a distributed control platform for large-scale production networks},
booktitle = {OSDI},
year = {2010},
}

@misc{casado2011,
author = {Casado, Martin},
title = {The Scaling Implications of SDN},

howpublished = {\url{http://goo.gl/zILFm}}
}

@INPROCEEDINGS{kim2012, 
author={Kim, Hyojoon and Schlansker, Mike and Santos, Jose Renato and Tourrilhes, Jean and Turner, Yoshio and Feamster, Nick}, 
booktitle={IEEE ICNP}, title={{CORONET}: Fault tolerance for Software Defined Networks}, 
year={2012}, 
}

@techreport{Lis12,
   author = {Barbara Liskov and James Cowling},
   title = {Viewstamped Replication Revisited},
   institution = {MIT},
   year = {2012}
}

@article{Sch90,
    author      =   "Fred B. Schneider",
    title       =   "Implementing Fault-Tolerant Service Using the State Machine
                     Aproach: A Tutorial",
    journal     =   "ACM Comp. Surveys",
    year        =   1990,
    annote      =   "introdução de replicação ativa"
}
@article{Lam98,
    author = {Leslie Lamport},
    title = {The part-time parliament},
    journal = {ACM Trans. Computer Systems},
    volume = {16},
    number = {2},
    year = {1998},
    month = may,
    pages = {133--169},
    annote = "algoritmo paxos"
}

@inproceedings{Oki88,
    author = {Brian M. Oki and Barbara Liskov},
    title = {Viewstamped Replication: A new primary copy method to support highly-available distributed systems},
    booktitle = {ACM PODC},
    year = 1988,
}

@inproceedings{Hun10,
    author = {Patrick Hunt and Mahadev Konar and Flavio Junqueira and Benjamin Reed},
    title = {Zookeeper: Wait-free Coordination for {Internet-scale} Services},
    booktitle = {USENIX ATC},
    year = 2010,
}

@InProceedings{Bol11,
    author = {W. Bolosky and D. Bradshaw and R. Haagens and N. Kusters and P. Li},
    title = {{Paxos} Replicated State Machines as the Basis of a High-Performance Data Store},
    booktitle = {NSDI},
    year = 2011,
}

@inproceedings{Corbett:2012uz,
author = {Corbett, James C and Dean, Jeffrey and Epstein, Michael and Fikes, Andrew and Frost, Christopher and Furman, J J and Ghemawat, Sanjay and Gubarev, Andrey and Heiser, Christopher and Hochschild, Peter and Hsieh, Wilson and Kanthak, Sebastian and Kogan, Eugene and Li, Hongyi and Lloyd, Alexander and Melnik, Sergey and Mwaura, David and Nagle, David and Quinlan, Sean and Rao, Rajesh and Rolig, Lindsay and Saito, Yasushi and Szymaniak, Michal and Taylor, Christopher and Wang, Ruth and Woodford, Dale},
title = {Spanner: Google's globally-distributed database},
booktitle = {OSDI},
year = {2012},
}

@inproceedings{Monsanto:2012:CRS:2103656.2103685,
 author = {Monsanto, Christopher and Foster, Nate and Harrison, Rob and Walker, David},
 title = {A compiler and run-time system for network programming languages},
 booktitle = {Proceedings of the 39th annual ACM SIGPLAN-SIGACT symposium on Principles of programming languages},
 series = {POPL '12},
 year = {2012},
 isbn = {978-1-4503-1083-3},
 location = {Philadelphia, PA, USA},
 pages = {217--230},
 numpages = {14},
 url = {http://doi.acm.org/10.1145/2103656.2103685},
 doi = {10.1145/2103656.2103685},
 acmid = {2103685},
 publisher = {ACM},
 address = {New York, NY, USA},
 keywords = {domain specific languages, frenetic, network programming languages, openflow, software-defined networking},
}

@article{Monsanto:2012:CRS:2103621.2103685,
 author = {Monsanto, Christopher and Foster, Nate and Harrison, Rob and Walker, David},
 title = {A compiler and run-time system for network programming languages},
 journal = {SIGPLAN Not.},
 issue_date = {January 2012},
 volume = {47},
 number = {1},
 month = jan,
 year = {2012},
 issn = {0362-1340},
 pages = {217--230},
 numpages = {14},
 url = {http://doi.acm.org/10.1145/2103621.2103685},
 doi = {10.1145/2103621.2103685},
 acmid = {2103685},
 publisher = {ACM},
 address = {New York, NY, USA},
 keywords = {domain specific languages, frenetic, network programming languages, openflow, software-defined networking},
}


@inproceedings{Monsanto:2013:CSN:2482626.2482629,
 author = {Monsanto, Christopher and Reich, Joshua and Foster, Nate and Rexford, Jennifer and Walker, David},
 title = {Composing software-defined networks},
 booktitle = {Proceedings of the 10th USENIX conference on Networked Systems Design and Implementation},
 series = {nsdi'13},
 year = {2013},
 location = {Lombard, IL},
 pages = {1--14},
 numpages = {14},
 url = {http://dl.acm.org/citation.cfm?id=2482626.2482629},
 acmid = {2482629},
}


@inproceedings{Reitblatt:2011:CUS:2070562.2070569,
 author = {Reitblatt, Mark and Foster, Nate and Rexford, Jennifer and Walker, David},
 title = {Consistent updates for software-defined networks: change you can believe in!},
 booktitle = {Proceedings of the 10th ACM Workshop on Hot Topics in Networks},
 series = {HotNets-X},
 year = {2011},
 isbn = {978-1-4503-1059-8},
 location = {Cambridge, Massachusetts},
 pages = {7:1--7:6},
 articleno = {7},
 numpages = {6},
 url = {http://doi.acm.org/10.1145/2070562.2070569},
 doi = {10.1145/2070562.2070569},
 acmid = {2070569},
 publisher = {ACM},
 address = {New York, NY, USA},
 keywords = {OpenFlow, consistency, frenetic, network programming languages, planned change, software-defined networking},
}

@inproceedings{Tootoonchian:2010:HDC:1863133.1863136,
 author = {Tootoonchian, Amin and Ganjali, Yashar},
 title = {HyperFlow: a distributed control plane for OpenFlow},
 booktitle = {INM/WREN '10},
 year = {2010},
}

@inproceedings{HassasYeganeh:2012:KFE:2342441.2342446,
 author = {Hassas Yeganeh, Soheil and Ganjali, Yashar},
 title = {Kandoo: a framework for efficient and scalable offloading of control applications},
 booktitle = {HotSDN '12},
 year = {2012},
 keywords = {data center networks, distributed control plane, software-defined networks},
}

@ARTICLE{6461197, 
author={Foster, N. and Guha, A. and Reitblatt, M. and Story, A. and Freedman, M.J. and Katta, N.P. and Monsanto, C. and Reich, J. and Rexford, J. and Schlesinger, C. and Walker, D. and Harrison, R.}, 
journal={Communications Magazine, IEEE}, 
title={Languages for software-defined networks}, 
year={2013}, 
volume={51}, 
number={2}, 
pages={128-134}, 
keywords={application program interfaces;computer network management;high level languages;protocols;software radio;telecommunication traffic;Frenetic project;OpenFlow controllers;OpenFlow protocol;SDN;access control;backbone networks;computer networks;data center;higher-level abstractions;intuitive abstractions;low-level API;network management;network traffic monitoring;networking devices;packet forwarding policies;proprietary configuration interfaces;server load balancing;software-defined networks;switch hardware;Control systems;IP networks;Languages;Monitoring;Ports (Computers);Repeaters;Runtime;Software radio}, 
doi={10.1109/MCOM.2013.6461197}, 
ISSN={0163-6804},}

@techreport{Cai:2011:Maestro,
    title = {{Maestro: A System for Scalable OpenFlow Control}},
    author = {Zheng Cai and Alan L. Cox and T. S. Eugene Ng},
    year = {2011},
    institution = {Rice University},
    url = {http://www.cs.rice.edu/~eugeneng/papers/TR10-11.pdf},
}

@inproceedings{Tootoonchian:2012:CPS:2228283.2228297,
 author = {Tootoonchian, Amin and Gorbunov, Sergey and Ganjali, Yashar and Casado, Martin and Sherwood, Rob},
 title = {On controller performance in software-defined networks},
 booktitle = {USENIX HotICE},
 year = {2012},
}

@inproceedings{Koponen:2010:ODC:1924943.1924968,
 author = {Koponen, Teemu and Casado, Martin and Gude, Natasha and Stribling, Jeremy and Poutievski, Leon and Zhu, Min and Ramanathan, Rajiv and Iwata, Yuichiro and Inoue, Hiroaki and Hama, Takayuki and Shenker, Scott},
 title = {Onix: a distributed control platform for large-scale production networks},
 booktitle = {OSDI},
 year = {2010},
}

@inproceedings{Canini:2013:HotSDN:STN,
 author = {Canini, Marco and Kuznetsov, Petr and Levin, Dan and Schmid, Stefan},
 title = {Software Transactional Networking: Concurrent and Consistent Policy Composition},
 booktitle = {HotSDN '13},
 year = {2013},
 keywords = {Software Defined Network, Control plane, Network policy},
}

@inproceedings{Heller:2012:CPP:2342441.2342444,
 author = {Heller, Brandon and Sherwood, Rob and McKeown, Nick},
 title = {The controller placement problem},
 booktitle = {HotSDN '12},
 year = {2012},
 isbn = {978-1-4503-1477-0},
 keywords = {controller placement, latency, openflow, sdn, software-defined networks},
} 

@inproceedings{Burrows2006,
 author = {Burrows, Mike},
 title = {The Chubby lock service for loosely-coupled distributed systems},
 booktitle = {OSDI},
 year = {2006},
} 

@inproceedings{Foster2011,
 author = {Foster, Nate and Harrison, Rob and Freedman, Michael J. and Monsanto, Christopher and Rexford, Jennifer and Story, Alec and Walker, David},
 title = {Frenetic: a network programming language},
 booktitle = {ACM SIGPLAN ICFP},
 year = {2011},
 keywords = {domain-specific languages, functional reactive programming, network programming languages, openflow},
} 

@inproceedings{Reitblatt2013,
Title = {FatTire: Declarative Fault Tolerance for Software-Defined Networks},
Author = {M. Reitblatt and M. Canini and A. Guha and N. Foster},
Booktitle = {HotSDN '13},
Year = {2013},
}

@inproceedings{DeCandia2007,
 author = {DeCandia, Giuseppe and Hastorun, Deniz and Jampani, Madan and Kakulapati, Gunavardhan and Lakshman, Avinash and Pilchin, Alex and Sivasubramanian, Swaminathan and Vosshall, Peter and Vogels, Werner},
 title = {Dynamo: amazon's highly available key-value store},
 booktitle = {ACM SIGOPS SOSP},
 year = {2007},
 keywords = {performance, reliability, scalability},
} 

@inproceedings{Wan12,
  title={Gnothi: separating data and metadata for efficient and available storage replication},
  author={Wang, Yang and Alvisi, Lorenzo and Dahlin, Mike},
  booktitle={USENIX ATC},
  year={2012},
}

@inproceedings{Bes13,
  title = {On the Efficiency of Durable State Machine Replication},
  author={Bessani, Alysson and Santos, Marcel and Felix, Joao and Neves, Nuno and Correia, Miguel},
  booktitle={USENIX ATC},
  year={2013},
}

@misc{bft-smart:2011:High-perfomance,
    title = {{BFT-SMaRt}},
    note = {\url{http://code.google.com/p/bft-smart/}},
    abstract = {SMaRt is a high performance Byzantine-fault-tolerant state machine replication library   developed in Java with simplicity and robustness as primary requirements. Our main objective is to provide a code base that can be used to build dependable services and also extended to create new protocols.},
}

@misc{ONF2011,
    title = {{OpenFlow Switch Specification}},
    author = {{ONF}},
    year = {2011},
    month = {Dec.},
    note = {\url{http://goo.gl/tKo6r}}
}

@article{Rao11,
 author = {Rao, Jun and Shekita, Eugene J. and Tata, Sandeep},
 title = {Using Paxos to build a scalable, consistent, and highly available datastore},
 journal = {VLDB Endow.},
 volume = {4},
 number = {4},
 year = {2011},
} 

@misc{flood,
    title = {{Floodlight controller}},
    note = {\url{http://floodlight.openflowhub.org/}},
}

@techreport{smart-tr,
	author = {Alysson Bessani and Joao Sousa and Eduardo Alchieri},
	title = {State Machine Replication for the Masses with BFT-SMaRt},
	institution = {DI-FCUL TR},
	month = oct,
	year = 2013
}