%% This BibTeX bibliography file was created using BibDesk.
%% http://bibdesk.sourceforge.net/


%% Created for Fabio Botelho at 2012-12-17 21:06:32 -0100 


%% Saved with string encoding Unicode (UTF-8) 

@url{of13,
	Date-Added = {2012-12-17 17:08:08 +0000},
	Date-Modified = {2012-12-17 22:04:09 +0000},
	Lastchecked = {17 Dez. 2012},
	Title = {Open\uppercase{F}low specification 1.3. Online at \url{https://www.opennetworking.org/images/stories/downloads/specification/openflow-spec-v1.3.1.pdf}}}

@misc{Brewer:fk,
	Author = {E. Brewer},
	Date-Added = {2012-12-08 12:37:44 +0000},
	Date-Modified = {2012-12-08 12:41:14 +0000},
	Howpublished = {Online at \url{http://www.cs.berkeley.edu/~brewer/cs262b-2004/PODC-keynote.pdf}},
	Title = {Towards robust distributed systems, 2000.}}

@url{netty,
	Date-Added = {2012-12-05 22:42:21 +0000},
	Date-Modified = {2012-12-17 21:56:57 +0000},
	Lastchecked = {17 Dez. 2012},
	Title = {Netty - Asyncrhonous event driven network application framework. Online at \url{https://netty.io/}}}

@url{smart,
	Date-Added = {2012-12-04 20:31:38 +0000},
	Date-Modified = {2012-12-17 22:05:16 +0000},
	Lastchecked = {17 Dez. 2012},
	Title = {\uppercase{BFT}-\uppercase{SM}a\uppercase{RT} - Byzantine fault-tolerant state machine replication library. Online at \url{http://code.google.com/p/bft-smart/}}}

@url{The-Valley-of-the-Nerd.:fk,
	Date-Added = {2012-12-04 16:04:40 +0000},
	Date-Modified = {2012-12-17 22:06:15 +0000},
	Title = {\uppercase{SDN} Controller Ecosystems Critical to Market Success Online at  \url{http://nerdtwilight.wordpress.com/2012/06/05/sdn-controller-ecosystems-critical-to-market-success/}}}

@url{osgi,
	Date-Added = {2012-12-03 18:19:15 +0000},
	Date-Modified = {2012-12-17 22:05:53 +0000},
	Lastchecked = {17 Dez. 2012},
	Title = {\uppercase{OSGI} - \uppercase{T}he \uppercase{D}ynamic \uppercase{M}odule System for \uppercase{J}ava. Online at \url{http://www.osgi.org/}}}

@url{maestro,
	Date-Added = {2012-12-03 17:52:58 +0000},
	Date-Modified = {2012-12-17 22:03:39 +0000},
	Lastchecked = {17 Dez. 2012},
	Title = {Maestro - \uppercase{SDN} controller. Online at \url{http://code.google.com/p/maestro-platform/}}}

@url{nox,
	Date-Added = {2012-12-03 17:25:33 +0000},
	Date-Modified = {2012-12-17 21:57:28 +0000},
	Lastchecked = {17 Dez. 2012},
	Title = {NOX - \uppercase{SDN} controller. Online at \url{http://www.noxrepo.org/}}}

@unpublished{Z-Cai:2008fk,
	Author = {Z. Cai, F. Dinu, J. Zheng, A. L. Cox, and T. S. E. Ng.},
	Date-Added = {2012-12-03 16:05:44 +0000},
	Date-Modified = {2012-12-03 16:06:53 +0000},
	Note = {under submission},
	Title = {Maestro: A Clean-Slate System for Orchestrating Network Control Components},
	Year = {2008}}
@url{floodlight,
	Date-Added = {2012-11-30 13:43:03 +0000},
	Date-Modified = {2012-12-17 22:04:40 +0000},
	Title = {Floodlight - \uppercase{SDN} controller. Online at \url{http://floodlight.openflowhub.org/}}}

@misc{Martin-Casado:2011ly,
	Author = {Martin Casado and Teemu Koponen},
	Date-Added = {2012-11-28 17:10:47 +0000},
	Date-Modified = {2012-12-17 21:01:31 +0000},
	Howpublished = {Online at \url{http://networkheresy.com/2011/08/09/what-might-an-sdn-controller-api-look-like-and-should-we-standardize-it/}},
	Month = {August},
	Title = {What Might an SDN Controller API Look Like?},
	Year = {2011}}

@url{:zr,
	Author = {Martin Casado},
	Date-Added = {2012-11-28 17:06:58 +0000},
	Date-Modified = {2012-12-17 20:20:39 +0000},
	Howpublished = {Online at \url{http://networkheresy.com/2011/06/08/the-scaling-implications-of-sdn/}},
	Lastchecked = {17 Dez. 2012},
	Title = {The Scaling Implications of \uppercase{SDN}},
	Urldate = {Aug. 6, 2011}}

@misc{Shenker:2011ys,
	Author = {Scoot Shenker},
	Date-Added = {2012-11-28 16:52:45 +0000},
	Date-Modified = {2012-12-17 22:05:06 +0000},
	Howpublished = {Online  at http://www.youtube.com/watch?v=WVs7Pc99S7w},
	Month = {Jully},
	Title = {An attempt to motivate and clarify Software-Defined Networking (SDN)},
	Year = {2011}}

@url{cbench,
	Date-Added = {2012-11-28 16:44:59 +0000},
	Date-Modified = {2012-12-17 22:04:20 +0000},
	Lastchecked = {17 Dez. 2012},
	Title = {Cbench - Performance measurement of \uppercase{SDN} controllers. Online at \url{http://www.openflow.org/wk/index.php/Oflops}}}

@url{beacon,
	Date-Added = {2012-11-28 16:33:53 +0000},
	Date-Modified = {2012-12-17 20:24:22 +0000},
	Lastchecked = {17 Dez. 2012},
	Title = {Beacon - \uppercase{SDN} controller. Online at \url{https://openflow.stanford.edu/display/Beacon/}}}

@url{:vn,
	Date-Added = {2012-11-28 16:21:39 +0000},
	Date-Modified = {2012-12-17 22:05:27 +0000},
	Lastchecked = {17 Dez. 2012},
	Title = {Big \uppercase{C}ontroller - \uppercase{SDN} controler. Online at \url{http://www.bigswitch.com/products/big-network-controller}}}

@url{onf,
	Date-Added = {2012-11-28 16:18:07 +0000},
	Date-Modified = {2012-12-17 22:01:28 +0000},
	Lastchecked = {17 Dez. 2012},
	Title = {Open \uppercase{N}etwork \uppercase{F}oundation. Online at \url{https://www.opennetworking.org/}}}

@url{openflow,
	Date-Added = {2012-11-28 16:14:18 +0000},
	Date-Modified = {2012-12-17 22:04:04 +0000},
	Title = {OpenFlow protocol. Online at \url{http://www.openflow.org/}}}

@misc{Hoezle:2012uq,
	Author = {Urs Hoezle},
	Date-Added = {2012-11-28 16:00:26 +0000},
	Date-Modified = {2012-12-17 20:39:16 +0000},
	Howpublished = {Online at  \url{http://www.youtube.com/watch?v=JMkvCBOMhno}},
	Month = {April},
	Title = {\uppercase{ONS} 2012 Keynote: OpenFlow@Google},
	Year = {2012}}

@misc{McCullagh:2008fk,
	Author = {Declan McCullagh},
	Date-Added = {2012-11-28 13:32:25 +0000},
	Date-Modified = {2012-12-17 21:51:28 +0000},
	Howpublished = {Online at \url{http://news.cnet.com/8301-10784_3-9878655-7.html}},
	Month = {February},
	Title = {How Pakistan knocked YouTube offline (and how to make sure it never happens again)},
	Year = {2008}}
